
@book{PA_SCHILLER,
author = {Schiller, Lars},
title = {{Entwicklung eines Laufmusters und Entwurf einer weichen Laufmaschine nach biologischem Vorbild}},
publisher = {Projektarbeit, Arbeitsbereich Anlagensystemtechnik und methodische Produktentwicklung, Technische Universit√§t Hamburg},
year = {2017}
}

